@inproceedings{NMSN,
  title={Nothing up my sleeve number},
  author={Wikipedia article},
  link={https://en.wikipedia.org/wiki/Nothing_up_my_sleeve_number}
}
